<collection xmlns="http://www.loc.gov/MARC21/slim">
<record>
  <leader>01435nam0a22002651i 450 </leader>
  <controlfield tag="001">IT\ICCU\CNCE\078727</controlfield>
  <controlfield tag="005">20180509000000.0</controlfield>
  <datafield tag="012" ind1=" " ind2=" ">
    <subfield code="a">a-i- ili- i-io nen- (C) 1559 (R)</subfield>
    <subfield code="2">fei</subfield>
  </datafield>
  <datafield tag="100" ind1=" " ind2=" ">
    <subfield code="a">20140901d1559        0itac0103    ba</subfield>
  </datafield>
  <datafield tag="101" ind1=" " ind2=" ">
    <subfield code="a">ITA</subfield>
  </datafield>
  <datafield tag="102" ind1=" " ind2=" ">
    <subfield code="a">DE</subfield>
  </datafield>
  <datafield tag="200" ind1="1" ind2=" ">
    <subfield code="a">Risposta degli studiosi delle buone Arti, che sono in Germania. All&apos;Academia Venetiana</subfield>
  </datafield>
  <datafield tag="210" ind1=" " ind2=" ">
    <subfield code="d">Nell&apos;anno 1559</subfield>
  </datafield>
  <datafield tag="215" ind1=" " ind2=" ">
    <subfield code="a">\8! c.</subfield>
    <subfield code="d">8ʻ</subfield>
  </datafield>
  <datafield tag="300" ind1=" " ind2=" ">
    <subfield code="a">Per l&apos;autore cfr.: Haym, Biblioteca italiana, ossia notizia de&apos; libri rari ..., v. 4, p. 230 e E. A. Cicogna, Delle inscrizioni veneziane ..., v. 6, p. 771. - Stampata presumibilmente ad Augsburg; il luogo si ricava dalla fine del testo: D&apos;Augusta  ̉i XVdi marzo nel MDLIX</subfield>
  </datafield>
  <datafield tag="620" ind1=" " ind2=" ">
    <subfield code="a">DE</subfield>
    <subfield code="d">Augsburg</subfield>
  </datafield>
  <datafield tag="700" ind1=" " ind2="1">
    <subfield code="a">Vergerio,</subfield>
    <subfield code="b">Pietro Paolo</subfield>
    <subfield code="c"> &lt;il giovane&gt;</subfield>
    <subfield code="3">IT\ICCU\CNCA\000160</subfield>
  </datafield>
  <datafield tag="712" ind1="0" ind2="2">
    <subfield code="a">s.n.</subfield>
    <subfield code="3">IT\ICCU\CNCT\000002</subfield>
    <subfield code="4">650</subfield>
  </datafield>
  <datafield tag="790" ind1=" " ind2="1">
    <subfield code="a">Vergerius,</subfield>
    <subfield code="b">Petrus Paulus</subfield>
    <subfield code="c"> &lt;il giovane&gt;</subfield>
    <subfield code="3">IT\ICCU\CNCA\024758</subfield>
    <subfield code="z">Vergerio, Pietro Paolo &lt;il giovane&gt;</subfield>
  </datafield>
  <datafield tag="790" ind1=" " ind2="0">
    <subfield code="a">Atanasio</subfield>
    <subfield code="c"> &lt;1498-1565&gt;</subfield>
    <subfield code="3">IT\ICCU\CNCA\027141</subfield>
    <subfield code="z">Vergerio, Pietro Paolo &lt;il giovane&gt;</subfield>
  </datafield>
  <datafield tag="790" ind1=" " ind2="1">
    <subfield code="a">Rasoro,</subfield>
    <subfield code="b">Ludovico</subfield>
    <subfield code="3">IT\ICCU\CNCA\027745</subfield>
    <subfield code="z">Vergerio, Pietro Paolo &lt;il giovane&gt;</subfield>
  </datafield>
  <datafield tag="790" ind1=" " ind2="1">
    <subfield code="a">Bonini,</subfield>
    <subfield code="b">Bonino de</subfield>
    <subfield code="3">IT\ICCU\CNCA\028764</subfield>
    <subfield code="z">Vergerio, Pietro Paolo &lt;il giovane&gt;</subfield>
  </datafield>
  <datafield tag="801" ind1=" " ind2="3">
    <subfield code="a">IT</subfield>
    <subfield code="b">ICCU</subfield>
    <subfield code="c">20201115</subfield>
  </datafield>
  <datafield tag="899" ind1=" " ind2=" ">
    <subfield code="a">Biblioteca estera - sterreichische Nationalbibliothek. Wien</subfield>
    <subfield code="1">AA0010</subfield>
  </datafield>
  <datafield tag="899" ind1=" " ind2=" ">
    <subfield code="a">Biblioteca d&apos;arte del Museo civico Correr. Venezia</subfield>
    <subfield code="1">VE0039</subfield>
    <subfield code="2">VEA BC</subfield>
  </datafield>
</record>
</collection>
